@ELECTRONIC{RN42,
  author = {{Roving Networks}},
  year = {12 de {J}unio de 2010},
  title = {\texttt{https://www.sparkfun.com/datasheets/Wireless/Bluetooth/rn-42-ds.pdf}}
}

@ELECTRONIC{HC05,
	author = {{Electronica 60 Norte}},
	title = {\texttt{http://www.electronica60norte.com/mwfls/pdf/newBluetooth.pdf}}
}

@ELECTRONIC{Pololu,
	author = {{Pololu Robotic and Electronics}},
	title = {\texttt{https://www.pololu.com/product/1268}}
}

@ELECTRONIC{ArduinoUno,
	author = {{Arduino}},
	year = {2012},
	title = {\texttt{http://www.arduino.cc/en/Main/arduinoBoardUno}}
}

@ELECTRONIC{AndroidVsiOS,
	author = {{Xataka}},
	year = {15 de {A}gosto de 2014},
	title = {\texttt{http://www.xataka.com/moviles/idc-android-e-ios-ya-estan-en-el-96-4-de-los-smartphones}}
}

@ELECTRONIC{Dgt,
	author = {{DGT}},
	year = {2012},
	title = {\texttt{http://www.dgt.es/revista/num213/reportaje-tecnologia-moto.html}}
}

@ELECTRONIC{ATmega328,
	author = {{ATMEL}},
	title = {\texttt{http://www.atmel.com/images/doc8161.pdf}}
}


@ELECTRONIC{MyAlamMe,
	author = {{Mutua Motera}},
	year = {2012},
	title = {\texttt{http://mutuamotera.blogspot.com.es/2012/04/nuevo-sistema-de-alerta-de-accidente-my.html}}
}

@ELECTRONIC{MEC,
	author = {{App Circus}},
	year = {2010},
	title = {\texttt{https://appcircus.com/apps/mec-mobile-emergency-call}}
}

@ELECTRONIC{ESP8266,
	author = {{SparkFun}},
	year = {2012},
	title = {\texttt{https://www.sparkfun.com/products/13252}}
}

@ELECTRONIC{RNXV,
	author = {{Roving Networks}},
	year = {2014},
	title = {\texttt{https://www.sparkfun.com/products/10822}}
}

@ELECTRONIC{FLAT,
	author = {{Todoelectronica}},
	year = {2014},
	title = {\texttt{http://www.todoelectronica.com/robotica-sensor-de-posicion-unidad-de-medicion-inercial-arduinov2-flat-p-14201.html}}
}

@ELECTRONIC{RaspBerryPi,
	author = {{Raspberry Pi}},
	year = {2012},
	title = {\texttt{https://www.raspberrypi.org/}}
}

@ELECTRONIC{Bosch,
	author = {{Bosch motorcycle}},
	year = {2013},
	title = {\texttt{http://www.bosch-motorcycle.es}}
}

@ELECTRONIC{Cohete,
	author = {{Luis Eduardo Ardila Pérez, Johan Sebastián Eslava Garzón}},
	year = {2012},
	title = {\texttt{http://revistas.usbbog.edu.co/index.php/ingenium/article/view/332/253}}
}

@ELECTRONIC{robots,
	author = {{Uriel Lomelí Hernández}},
	year = {2012},
	title = {\texttt{http://hdl.handle.net/123456789/1298}}
}

@ELECTRONIC{xbeeZD,
	author = {{ZigBee PRO Feature Set}},
	year = {2013},
	title = {\texttt{http://www.digi.com/products/wireless-wired-embedded-solutions/zigbee-rf-modules/zigbee-mesh-module/xbee-zb-module}}
}

@ELECTRONIC{zigbee,
	author = {{Wireless ZigBee}},
	year = {2014},
	title = {\texttt{https://lsesdxlelwgadgets.wordpress.com/2014/08/08/cc2530-f256-zigbee-wireless-module-w-sma-antenna-deep-blue-331469/}}
}